
@article{tiwari_novel_2021,
	title = {Novel self-adaptive vibration signal analysis: {Concealed} component decomposition and its application in bearing fault diagnosis},
	volume = {502},
	issn = {0022-460X},
	shorttitle = {Novel self-adaptive vibration signal analysis},
	url = {https://www.sciencedirect.com/science/article/pii/S0022460X21001516},
	doi = {10.1016/j.jsv.2021.116079},
	language = {en},
	urldate = {2022-08-27},
	journal = {Journal of Sound and Vibration},
	author = {Tiwari, Prashant and Upadhyay, S. H.},
	month = jun,
	year = {2021},
	keywords = {Fault diagnosis, Rolling bearing, Signal decomposition, Vibration analysis, vibration, important},
	pages = {116079}
}

@inproceedings{nunes_evaluation_2007,
	title = {Evaluation of {Threshold}-{Based} {Algorithms} for {Detection} of {Spectral} {Peaks} in {Audio}},
	author = {Nunes, Leonardo and Esquef, Paulo Antonio and Biscainho, Luiz},
	month = may,
	year = {2007},
	keywords = {important}
}

@article{arts_fast_2022,
	title = {The fast continuous wavelet transformation ({fCWT}) for real-time, high-quality, noise-resistant time–frequency analysis},
	volume = {2},
	copyright = {2022 The Author(s)},
	issn = {2662-8457},
	url = {https://www.nature.com/articles/s43588-021-00183-z},
	doi = {10.1038/s43588-021-00183-z},
	language = {en},
	number = {1},
	urldate = {2022-08-27},
	journal = {Nature Computational Science},
	author = {Arts, Lukas P. A. and van den Broek, Egon L.},
	month = jan,
	year = {2022},
	note = {Number: 1
Publisher: Nature Publishing Group},
	keywords = {Computational science, Computer science, Electroencephalography – EEG, Electrophysiology, Software, important},
	pages = {47--58},
}

@article{gerber_identification_2013,
	title = {Identification of harmonics and sidebands in a finite set of spectral components},
	volume = {1},
	author = {Gerber, Timothée and Martin, Nadine and Mailhes, Corinne},
	month = jun,
	year = {2013},
	keywords = {important}
}

@article{adikaram_non-parametric_2016,
	title = {Non-{Parametric} {Local} {Maxima} and {Minima} {Finder} with {Filtering} {Techniques} for {Bioprocess}},
	volume = {07},
	doi = {10.4236/jsip.2016.74018},
	journal = {Journal of Signal and Information Processing},
	author = {Adikaram, K.K. Lasantha Britto and Hussein, Mohamed and Effenberger, Mathias and Becker, T.},
	month = jan,
	year = {2016},
	keywords = {important},
	pages = {192--213},
}

@incollection{davies_techniques_2012,
	address = {Dordrecht},
	title = {Techniques for {Vibration} {Monitoring}},
	isbn = {978-94-011-4924-2},
	language = {eng},
	booktitle = {Handbook of {Condition} {Monitoring}: {Techniques} and {Methodology}},
	publisher = {Springer Netherlands},
	author = {Davies, A.},
	year = {2012},
	note = {OCLC: 958541223},
	keywords = {important},
	pages = {267 -- 374}
}

@article{herrera_applications_2014,
	title = {Applications of the synchrosqueezing transform in seismic time-frequency analysis},
	volume = {79},
	doi = {10.1190/geo2013-0204.1},
	journal = {Geophysics},
	author = {Herrera, Roberto and Baan, Mirko and Han, Jiajun},
	month = may,
	year = {2014},
	keywords = {important},
	pages = {V55--V64}
}

@article{meignen_synchrosqueezing_2019,
	series = {Fourier and the science of today / {Fourier} et la science d’aujourd’hui},
	title = {Synchrosqueezing transforms: {From} low- to high-frequency modulations and perspectives},
	volume = {20},
	issn = {1631-0705},
	shorttitle = {Synchrosqueezing transforms},
	url = {https://www.sciencedirect.com/science/article/pii/S163107051930101X},
	doi = {10.1016/j.crhy.2019.07.001},
	language = {en},
	number = {5},
	journal = {Comptes Rendus Physique},
	author = {Meignen, Sylvain and Oberlin, Thomas and Pham, Duong-Hung},
	month = jul,
	year = {2019},
	keywords = {Time-frequency analysis, Analyse temps-fréquence, Multicomponent signals, Reassignment techniques, Signaux multicomposantes, Techniques de réallocation, important},
	pages = {449--460},
}

@inproceedings{torres_automatic_2022,
	address = {Cham},
	series = {Lecture {Notes} in {Mechanical} {Engineering}},
	title = {Automatic {Anomaly} {Detection} in {Vibration} {Analysis} {Based} on {Machine} {Learning} {Algorithms}},
	isbn = {978-3-031-09385-2},
	doi = {10.1007/978-3-031-09385-2_2},
	language = {en},
	booktitle = {Innovations in {Mechatronics} {Engineering} {II}},
	publisher = {Springer International Publishing},
	author = {Torres, Pedro and Ramalho, Armando and Correia, Luis},
	year = {2022},
	keywords = {Vibration analysis, Anomaly detection, BigML, Industry 4.0, Isolation forest, important},
	pages = {13--23}
}

@article{luo_early_2019,
	title = {Early {Fault} {Detection} of {Machine} {Tools} {Based} on {Deep} {Learning} and {Dynamic} {Identification}},
	volume = {66},
	issn = {1557-9948},
	doi = {10.1109/TIE.2018.2807414},
	number = {1},
	journal = {IEEE Transactions on Industrial Electronics},
	author = {Luo, Bo and Wang, Haoting and Liu, Hongqi and Li, Bin and Peng, Fangyu},
	month = jan,
	year = {2019},
	note = {Conference Name: IEEE Transactions on Industrial Electronics},
	keywords = {Fault diagnosis, Vibrations, Computer numerical control (CNC) machine tool, deep learning, dynamic identification, Fault detection, fault diagnosis, feature extraction, Feature extraction, Machine learning, Machine tools, Machining, important},
	pages = {509--518},
}

@book{nandi_condition_2019,
	address = {Hoboken, NJ, USA},
	title = {Condition monitoring with vibration signals: compressive sampling and learning algorithms for rotating machines},
	isbn = {978-1-119-54462-3},
	shorttitle = {Condition monitoring with vibration signals},
	language = {en},
	publisher = {Wiley-IEEE Press},
	author = {Nandi, Asoke Kumar and Ahmed, Hosameldin},
	year = {2019},
	keywords = {assignment, Monitoring, Machinery, Rotors, Maintenance and repair, Vibration Measurement, important}
}

@article{yang_edgedb_2019,
	title = {{EdgeDB}: {An} {Efficient} {Time}-{Series} {Database} for {Edge} {Computing}},
	volume = {7},
	issn = {2169-3536},
	shorttitle = {{EdgeDB}},
	doi = {10.1109/ACCESS.2019.2943876},
	journal = {IEEE Access},
	author = {Yang, Yang and Cao, Qiang and Jiang, Hong},
	year = {2019},
	note = {Conference Name: IEEE Access},
	keywords = {Sensors, edge computing, Cloud computing, Databases, Edge computing, I/O optimization, Internet of Things, Servers, Throughput, time partitioned elastic index, Time-series database, important},
	pages = {142295--142307}
}

@book{hu_intelligent_2012,
	address = {Boca Raton},
	edition = {1},
	title = {Intelligent {Sensor} {Networks}: {The} {Integration} of {Sensor} {Networks}, {Signal} {Processing} and {Machine} {Learning}},
	isbn = {978-0-429-06696-2},
	url = {https://www.taylorfrancis.com/books/9780429066962},
	language = {en},
	publisher = {CRC Press},
	author = {Hu, Fei and Hao, Qi},
	month = dec,
	year = {2012},
	doi = {10.1201/b14300},
	keywords = {important},
}

@phdthesis{volante_condition_2011,
	type = {Diplomová},
	title = {Condition {Monitoring} for {Rotational} {Machinery}},
	language = {en},
	school = {McMaster University},
	author = {Volante, Daniel C},
	month = aug,
	year = {2011},
	keywords = {important}
}

@book{scheffer_practical_2004,
	title = {Practical {Machinery} {Vibration} {Analysis} and {Predictive} {Maintenance}},
	isbn = {0-7506-6275-1},
	publisher = {IDC Technologies, Elsevier},
	author = {Scheffer, C. and Girdhar, P.},
	year = {2004},
	keywords = {important}
}

@article{fiala_literarni_2019,
	title = {Literární rešerše souboru technických norem z oblasti vibrace, rázy a měření vibrací a rázů},
	language = {cs},
	author = {Fiala, Jakub},
	year = {2019},
	keywords = {important},
	pages = {52}
}

@book{mohanty_machinery_2015,
	title = {Machinery {Condition} {Monitoring}: {Principles} and {Practices}},
	language = {en},
	author = {Mohanty, Amiya Ranjan},
	year = {2015},
	keywords = {important}
}

@article{yu_concentrated_2020,
	title = {A {Concentrated} {Time}–{Frequency} {Analysis} {Tool} for {Bearing} {Fault} {Diagnosis}},
	volume = {69},
	issn = {1557-9662},
	doi = {10.1109/TIM.2019.2901514},
	number = {2},
	journal = {IEEE Transactions on Instrumentation and Measurement},
	author = {Yu, Gang},
	month = feb,
	year = {2020},
	note = {Conference Name: IEEE Transactions on Instrumentation and Measurement},
	keywords = {assignment, Fault diagnosis, Time-frequency analysis, Feature extraction, Empirical mode decomposition (EMD), spectral kurtosis (SK), synchrosqueezing transform, Time-domain analysis, time–frequency analysis, Tools, Transforms, Transient analysis, transient-extracting transform (TET), important},
	pages = {371--381},
}

@article{caldero_multi-channel_2019,
	title = {Multi-{Channel} {Real}-{Time} {Condition} {Monitoring} {System} {Based} on {Wideband} {Vibration} {Analysis} of {Motor} {Shafts} {Using} {SAW} {RFID} {Tags} {Coupled} with {Sensors}},
	volume = {19},
	doi = {10.3390/s19245398},
	journal = {Sensors},
	author = {Caldero, Pau and Zoeke, Dominik},
	month = dec,
	year = {2019},
	keywords = {important},
	pages = {5398}
}

@misc{mey_explainable_2022,
	title = {Explainable {AI} {Algorithms} for {Vibration} {Data}-based {Fault} {Detection}: {Use} {Case}-adadpted {Methods} and {Critical} {Evaluation}},
	shorttitle = {Explainable {AI} {Algorithms} for {Vibration} {Data}-based {Fault} {Detection}},
	url = {http://arxiv.org/abs/2207.10732},
	doi = {10.48550/arXiv.2207.10732},
	publisher = {arXiv},
	author = {Mey, Oliver and Neufeld, Deniz},
	month = jul,
	year = {2022},
	note = {arXiv:2207.10732 [cs, eess]},
	keywords = {Computer Science - Machine Learning, Electrical Engineering and Systems Science - Signal Processing, important}
}

@article{zurita_review_2016,
	title = {A review of vibrartion machine diagnostics by using artificial intelligence methods},
	volume = {16},
	doi = {10.23881/idupbo.016.1-8i},
	journal = {INVESTIGACION \& DESARROLLO},
	author = {Zurita, Grover and Sánchez, Vinicio and Cabrera, Diego},
	month = jul,
	year = {2016},
	keywords = {important},
	pages = {102--114}
}

@inproceedings{sheng_review_2020,
	title = {Review of {Artificial} {Intelligence}-based {Bearing} {Vibration} {Monitoring}},
	doi = {10.1109/PHM-Jinan48558.2020.00018},
	booktitle = {2020 11th {International} {Conference} on {Prognostics} and {System} {Health} {Management} ({PHM}-2020 {Jinan})},
	author = {Sheng, Hao and Chen, Zhongsheng and Xia, Yemei and He, Jing},
	month = oct,
	year = {2020},
	note = {ISSN: 2166-5656},
	keywords = {Monitoring, Vibrations, Feature extraction, Machine learning, Artificial neural networks, Bearing vibration monitoring, Deep learning, Future trends, Support vector machines, Training, Transfer learning, important},
	pages = {58--67}
}

@phdthesis{vilakazi_machine_2006,
	address = {Johannesburg},
	type = {Dizertačná},
	title = {Machine {Condition} {Monitoring} {Using} {Artificial} {Intelligence}: {The} {Incremental} {Learning} and {Multi}-agent {System} {Approach}},
	language = {en},
	author = {Vilakazi, Christina Busisiwe},
	year = {2006},
	keywords = {important}
}

@article{goumas_classification_2002,
	title = {Classification of washing machines vibration signals using discrete wavelet analysis for feature extraction},
	volume = {51},
	doi = {10.1109/TIM.2002.1017721},
	journal = {Instrumentation and Measurement, IEEE Transactions on},
	author = {Goumas, Stefanos and Zervakis, Michalis and Stavrakakis, G.},
	month = jul,
	year = {2002},
	keywords = {important},
	pages = {497--508}
}

@phdthesis{mohammadi_early_2020,
	type = {Diplomová},
	title = {Early {Detection} of {Imbalance} in {Load} and {Machine} {In} {Front} {Load} {Washing} {Machines} by {Monitoring} {Drum} {Movement}},
	language = {en},
	author = {Mohammadi, Hamed},
	month = dec,
	year = {2020},
	keywords = {important}
}

@article{cakir_experimental_2021,
	title = {The experimental application of popular machine learning algorithms on predictive maintenance and the design of {IIoT} based condition monitoring system},
	volume = {151},
	issn = {0360-8352},
	url = {https://www.sciencedirect.com/science/article/pii/S0360835220306252},
	doi = {10.1016/j.cie.2020.106948},
	language = {en},
	journal = {Computers \& Industrial Engineering},
	author = {Cakir, Mustafa and Guvenc, Mehmet Ali and Mistikoglu, Selcuk},
	month = jan,
	year = {2021},
	keywords = {Industry 4.0, Machine learning, Internet of things, Condition monitoring, Predictive maintenance, important},
	pages = {106948}
}

@article{mechefske_objective_1998,
	title = {Objective machinery fault diagnosis using fuzzy logic},
	volume = {12},
	issn = {0888-3270},
	url = {https://www.sciencedirect.com/science/article/pii/S088832709890173X},
	doi = {10.1006/mssp.1998.0173},
	language = {en},
	number = {6},
	journal = {Mechanical Systems and Signal Processing},
	author = {Mechefske, C. K.},
	month = nov,
	year = {1998},
	keywords = {important},
	pages = {855--862}
}

@article{oulmane_automatic_2015,
	title = {Automatic fault diagnosis of rotating machinery using fourier descriptors and a fuzzy logic},
	journal = {Mechanical system and signal processing 2015},
	author = {Oulmane, A and Lakis, A. and Mureithi, Njuki},
	month = aug,
	year = {2015},
	keywords = {important}
}

@book{chen_introduction_2001,
	address = {Boca Raton, FL},
	title = {Introduction to fuzzy sets, fuzzy logic, and fuzzy control systems},
	isbn = {978-0-8493-1658-6},
	language = {en},
	publisher = {CRC Press},
	author = {Chen, G. and Pham, Trung Tat},
	year = {2001},
	keywords = {Fuzzy systems, Soft computing, important}
}

@article{wang_toward_2019,
	title = {Toward {Cloud}-{Assisted} {Industrial} {IoT} {Platform} for {Large}-{Scale} {Continuous} {Condition} {Monitoring}},
	volume = {107},
	issn = {1558-2256},
	doi = {10.1109/JPROC.2019.2914021},
	number = {6},
	journal = {Proceedings of the IEEE},
	author = {Wang, Gang and Nixon, Mark and Boudreaux, Mike},
	month = jun,
	year = {2019},
	note = {Conference Name: Proceedings of the IEEE},
	keywords = {Monitoring, Cloud computing, Internet of Things, Logic gates, Condition monitoring, Continuous condition monitoring, industrial control, industrial IoT, Performance evaluation, Process control, process monitoring, important},
	pages = {1193--1205}
}

@book{ziaran_technicka_2013,
	address = {Bratislava},
	edition = {1.},
	title = {Technická diagnostika},
	isbn = {978-80-227-4051-7},
	language = {sk},
	publisher = {Vydavateľstvo STU},
	author = {Žiaran, Stanislav},
	year = {2013},
	keywords = {important},
}

@book{kreidl_technicka_2006,
	address = {Praha},
	title = {Technická diagnostika: {Senzory} - metody - analýza signálu},
	isbn = {80-7300-158-6},
	publisher = {BEN},
	author = {Kreidl, Marcel and Šmíd, Radislav},
	year = {2006},
	keywords = {important},
}

@article{mesaros_sound_2021,
	title = {Sound {Event} {Detection}: {A} {Tutorial}},
	volume = {38},
	issn = {1053-5888, 1558-0792},
	shorttitle = {Sound {Event} {Detection}},
	url = {http://arxiv.org/abs/2107.05463},
	doi = {10.1109/MSP.2021.3090678},
	number = {5},
	journal = {IEEE Signal Processing Magazine},
	author = {Mesaros, Annamaria and Heittola, Toni and Virtanen, Tuomas and Plumbley, Mark D.},
	month = sep,
	year = {2021},
	note = {arXiv:2107.05463 [eess]},
	keywords = {important, Electrical Engineering and Systems Science - Audio and Speech Processing, events},
	pages = {67--83}
}

@article{piernik_study_2021,
	title = {A study on using data clustering for feature extraction to improve the quality of classification},
	volume = {63},
	issn = {0219-3116},
	url = {https://doi.org/10.1007/s10115-021-01572-6},
	doi = {10.1007/s10115-021-01572-6},
	language = {en},
	number = {7},
	journal = {Knowledge and Information Systems},
	author = {Piernik, Maciej and Morzy, Tadeusz},
	month = jul,
	year = {2021},
	keywords = {Feature extraction, important, Classification, Clustering},
	pages = {1771--1805}
}

@article{mechefske_using_2001,
	title = {Using fuzzy linguistics to select optimum maintenance and condition monitoring strategies},
	volume = {15},
	issn = {0888-3270},
	url = {https://www.sciencedirect.com/science/article/pii/S0888327000913955},
	doi = {10.1006/mssp.2000.1395},
	language = {en},
	number = {6},
	journal = {Mechanical Systems and Signal Processing},
	author = {Mechefske, CHRIS K. and Wang, ZHENG},
	month = nov,
	year = {2001},
	keywords = {important},
	pages = {1129--1140}
}

@article{goel_methodology_2022,
	title = {A {Methodology} for {Selection} of {Condition} {Monitoring} {Techniques} for {Rotating} {Machinery}},
	volume = {13},
	issn = {2153-2648},
	url = {https://papers.phmsociety.org/index.php/ijphm/article/view/3205},
	doi = {10.36001/ijphm.2022.v13i2.3205},
	language = {en},
	number = {2},
	journal = {International Journal of Prognostics and Health Management},
	author = {Goel, Anuj Kumar and Singh, Gurmeet and Naikan, Vallayil Narayana Achutha},
	month = aug,
	year = {2022},
	note = {Number: 2},
	keywords = {important, remote monitoring}
}

@article{timusk_fault_2008,
	title = {Fault detection using transient machine signals},
	volume = {22},
	issn = {0888-3270},
	url = {https://www.sciencedirect.com/science/article/pii/S0888327008000320},
	doi = {10.1016/j.ymssp.2008.01.013},
	language = {en},
	number = {7},
	journal = {Mechanical Systems and Signal Processing},
	author = {Timusk, Markus and Lipsett, Mike and Mechefske, Chris K.},
	month = oct,
	year = {2008},
	keywords = {Feature extraction, Condition monitoring, important, Novelty detection, Vibration signal processing},
	pages = {1724--1749}
}

@article{yu_analysis_2021,
	title = {Analysis of different {RNN} autoencoder variants for time series classification and machine prognostics},
	volume = {149},
	issn = {0888-3270},
	url = {https://www.sciencedirect.com/science/article/pii/S0888327020307081},
	doi = {10.1016/j.ymssp.2020.107322},
	language = {en},
	journal = {Mechanical Systems and Signal Processing},
	author = {Yu, Wennian and Kim, Il Yong and Mechefske, Chris},
	month = feb,
	year = {2021},
	keywords = {important, Autoencoder, Random search, Recurrent neural network, Remaining useful life, Time series},
	pages = {107322}

}

@article{maurya_condition-based_2021,
	title = {Condition-{Based} {Monitoring} in {Variable} {Machine} {Running} {Conditions} {Using} {Low}-{Level} {Knowledge} {Transfer} {With} {DNN}},
	volume = {18},
	issn = {1558-3783},
	doi = {10.1109/TASE.2020.3028151},
	number = {4},
	journal = {IEEE Transactions on Automation Science and Engineering},
	author = {Maurya, Seetaram and Singh, Vikas and Verma, Nishchal K. and Mechefske, Chris K.},
	month = oct,
	year = {2021},
	note = {Conference Name: IEEE Transactions on Automation Science and Engineering},
	keywords = {Fault diagnosis, Sensors, Feature extraction, Deep learning, Condition monitoring, important, deep neural network (DNN), high-level features, Knowledge transfer, knowledge transfer (KT), low-level features, Real-time systems},
	pages = {1983--1997}
}

@book{nielsen_practical_2019,
	title = {Practical {Time} {Series} {Analysis}: {Prediction} with {Statistics} and {Machine} {Learning}},
	isbn = {978-1-4920-4165-8},
	publisher = {O'Reilly Media},
	author = {Nielsen, Aileen},
	year = {2019},
	keywords = {important},
}

@article{bechhoefer_review_2009,
	title = {A {Review} of {Time} {Synchronous} {Average} {Algorithms}},
	author = {Bechhoefer, Eric and Kingsley, Michael},
	month = jan,
	year = {2009},
	keywords = {important}
}

@techreport{iso_20816,
	title = {{ISO} 20816},
	subtitle = {Mechanical vibration — Measurement and evaluation of machine vibration — Part 1: General guidelines},
	language = {en},
	publisher = {International Organization for Standardization},
	year = {2016},
	keywords = {important}
}

@techreport{iso_13373,
	title = {{ISO} 13373},
	subtitle = {Condition monitoring and diagnostics of machines — Vibration condition monitoring — Part 3: Guidelines for vibration diagnosis},
	language = {en},
	publisher = {International Organization for Standardization},
	year = {2015},
	keywords = {important}
}

@techreport{iso_18431,
	title = {{ISO} 18431},
	subtitle = {Mechanical vibration and shock — Signal processing — Part 3: Methods of time-frequency analysis},
	language = {en},
	publisher = {International Organization for Standardization},
	year = {2014},
	keywords = {important}
}

@article{li_fault_2019,
	title = {Fault {Feature} {Extraction} and {Enhancement} of {Rolling} {Element} {Bearings} {Based} on {Maximum} {Correlated} {Kurtosis} {Deconvolution} and {Improved} {Empirical} {Wavelet} {Transform}},
	volume = {9},
	doi = {10.3390/app9091876},
	journal = {Applied Sciences},
	author = {Li, Zheng and Ming, Anbo and Zhang, Wei and Liu, Tao and Chu, Fulei and Li, Yin},
	month = may,
	year = {2019},
	keywords = {important},
	pages = {1876}
}

@article{yonggang_time_2020,
	title = {Time and frequency domain scanning fault diagnosis method based on spectral negentropy and its application},
	volume = {108},
	doi = {10.1007/s00170-020-05302-0},
	month = may,
	year = {2020},
	keywords = {important}
}

@article{xu_adaptive_2019,
	title = {An {Adaptive} {Spectrum} {Segmentation} {Method} to {Optimize} {Empirical} {Wavelet} {Transform} for {Rolling} {Bearings} {Fault} {Diagnosis}},
	volume = {7},
	issn = {2169-3536},
	doi = {10.1109/ACCESS.2019.2902645},
	journal = {IEEE Access},
	author = {Xu, Yonggang and Zhang, Kun and Ma, Chaoyong and Sheng, Zhipeng and Shen, Hongchen},
	year = {2019},
	note = {Conference Name: IEEE Access},
	keywords = {Fault diagnosis, Frequency modulation, Feature extraction, important, Empirical wavelet transform, Fourier transforms, Market research, rolling bearing fault diagnosis, spectral negentropy, spectral segmentation, trend spectrum, Wavelet transforms},
	pages = {30437--30456}
}

@article{hullermeier_does_2015,
	series = {Special {Issue} {Celebrating} the 50th {Anniversary} of {Fuzzy} {Sets}},
	title = {Does machine learning need fuzzy logic?},
	volume = {281},
	issn = {0165-0114},
	url = {https://www.sciencedirect.com/science/article/pii/S0165011415004133},
	doi = {10.1016/j.fss.2015.09.001},
	language = {en},
	urldate = {2022-12-08},
	journal = {Fuzzy Sets and Systems},
	author = {Hüllermeier, Eyke},
	month = dec,
	year = {2015},
	keywords = {Machine learning, important, Fuzzy logic, Fuzzy sets},
	pages = {292--299}
}

@article{hatem_comparative_2018,
	title = {Comparative {Study} of {Various} {CFAR} {Algorithms} for {Non}-{Homogenous} {Environments}},
	volume = {433},
	issn = {1757-899X},
	url = {https://dx.doi.org/10.1088/1757-899X/433/1/012080},
	doi = {10.1088/1757-899X/433/1/012080},
	language = {en},
	number = {1},
	urldate = {2022-12-09},
	journal = {IOP Conference Series: Materials Science and Engineering},
	author = {Hatem, G. M. and Sadah, J. W. Abdul and Saeed, T. R.},
	month = nov,
	year = {2018},
	note = {Publisher: IOP Publishing},
	keywords = {important},
	pages = {012080}
}

@book{rabiner_introduction_2007,
	address = {Boston, Mass},
	series = {Foundations and trends in signal processing},
	title = {Introduction to digital speech processing},
	isbn = {978-1-60198-070-0},
	language = {en},
	number = {v. 1, Issue 1-2, 2007},
	publisher = {Now},
	author = {Rabiner, Lawrence R. and Schafer, Ronald W.},
	year = {2007},
	note = {OCLC: ocn221455696},
	keywords = {important, Speech processing systems},
}

@book{aggarwal_outlier_2016,
	edition = {2},
	title = {Outlier {Analysis}},
	isbn = {978-3-319-47578-3},
	publisher = {Springer Publishing Company, Inc.},
	author = {Aggarwal, Charu C.},
	year = {2016}
}
