
@article{breitling_rank_2004,
	title = {Rank products: a simple, yet powerful, new method to detect differentially regulated genes in replicated microarray experiments},
	volume = {573},
	issn = {0014-5793},
	shorttitle = {Rank products},
	doi = {10.1016/j.febslet.2004.07.055},
	number = {1-3},
	journal = {FEBS letters},
	author = {Breitling, Rainer and Armengaud, Patrick and Amtmann, Anna and Herzyk, Pawel},
	month = aug,
	year = {2004},
	pmid = {15327980},
	pages = {83--92},
}


@article{ross_mutual_2014,
	title = {Mutual {Information} between {Discrete} and {Continuous} {Data} {Sets}},
	volume = {9},
	issn = {1932-6203},
	url = {https://journals.plos.org/plosone/article?id=10.1371/journal.pone.0087357},
	doi = {10.1371/journal.pone.0087357},
	number = {2},
	urldate = {2023-11-25},
	journal = {PLOS ONE},
	author = {Ross, Brian C.},
	year = {2014},
	note = {Publisher: Public Library of Science},
	pages = {e87357}
}

@misc{calkins_more_2005,
	title = {More {Correlation} {Coeficients} ({Lesson} 13)},
	url = {https://www.andrews.edu/~calkins/math/edrm611/edrm13.htm},
	urldate = {2023-11-25},
	journal = {Applied Statistics},
	author = {Calkins, Keith G.},
	year = {2005}
}

@misc{gaia_online_2022,
	title = {Online {Machine} {Learning} {With} {RiverML} by {Max} {Halford}},
	url = {https://www.youtube.com/watch?v=nzFTmJnIakk},
	urldate = {2023-11-25},
	author = {{GAIA}},
	year = {2022},
}

@article{shi_improving_2020,
	title = {Improving k-{Nearest} {Neighbors} {Algorithm} for {Imbalanced} {Data} {Classification}},
	volume = {719},
	issn = {1757-8981, 1757-899X},
	url = {https://iopscience.iop.org/article/10.1088/1757-899X/719/1/012072},
	doi = {10.1088/1757-899X/719/1/012072},
	number = {1},
	urldate = {2023-11-25},
	journal = {IOP Conference Series: Materials Science and Engineering},
	author = {Shi, Zhan},
	month = jan,
	year = {2020},
	pages = {012072},
	file = {Shi - 2020 - Improving k-Nearest Neighbors Algorithm for Imbala.pdf:/home/miroslav/Zotero/storage/Z8A9K435/Shi - 2020 - Improving k-Nearest Neighbors Algorithm for Imbala.pdf:application/pdf},
}

@article{rousseeuw_rousseeuw_1987,
	title = {Rousseeuw, {P}.{J}.: {Silhouettes}: {A} {Graphical} {Aid} to the {Interpretation} and {Validation} of {Cluster} {Analysis}. {Comput}. {Appl}. {Math}. 20, 53-65},
	volume = {20},
	shorttitle = {Rousseeuw, {P}.{J}.},
	doi = {10.1016/0377-0427(87)90125-7},
	journal = {Journal of Computational and Applied Mathematics},
	author = {Rousseeuw, Peter},
	month = nov,
	year = {1987},
	pages = {53--65},
	file = {Full Text PDF:/home/miroslav/Zotero/storage/RGDQTQ9F/Rousseeuw - 1987 - Rousseeuw, P.J. Silhouettes A Graphical Aid to t.pdf:application/pdf},
}


@inproceedings{blum_beating_1999,
	address = {Santa Cruz California USA},
	title = {Beating the hold-out: bounds for {K}-fold and progressive cross-validation},
	isbn = {978-1-58113-167-3},
	shorttitle = {Beating the hold-out},
	url = {https://dl.acm.org/doi/10.1145/307400.307439},
	doi = {10.1145/307400.307439},
	urldate = {2023-11-26},
	booktitle = {Proceedings of the twelfth annual conference on {Computational} learning theory},
	publisher = {ACM},
	author = {Blum, Avrim and Kalai, Adam and Langford, John},
	month = jul,
	year = {1999},
	pages = {203--208},
	file = {Blum et al. - 1999 - Beating the hold-out bounds for K-fold and progre.pdf:/home/miroslav/Zotero/storage/54I39XAT/Blum et al. - 1999 - Beating the hold-out bounds for K-fold and progre.pdf:application/pdf},
}

@misc{halford_correct_2020,
	title = {The correct way to evaluate online machine learning models},
	url = {https://maxhalford.github.io/blog/online-learning-evaluation/},
	urldate = {2023-11-26},
	author = {Halford, Max},
	month = jun,
	year = {2020},
	note = {Section: blog},
}

@article{gepperth_incremental_2016,
	title = {Incremental learning algorithms and applications},
	shorttitle = {hal-01418129},
	language = {en},
	journal = {European Symposium on Artificial Neural Networks (ESANN)},
	author = {Gepperth, Alexander and Hammer, Barbara},
	year = {2016},
	file = {Gepperth a Hammer - Incremental learning algorithms and applications.pdf:/home/miroslav/Zotero/storage/HUBI2Y26/Gepperth a Hammer - Incremental learning algorithms and applications.pdf:application/pdf},
}

@article{kamminga_robust_2018,
	title = {Robust {Sensor}-{Orientation}-{Independent} {Feature} {Selection} for {Animal} {Activity} {Recognition} on {Collar} {Tags}},
	volume = {2},
	url = {https://dl.acm.org/doi/10.1145/3191747},
	doi = {10.1145/3191747},
	number = {1},
	urldate = {2023-11-21},
	journal = {Proceedings of the ACM on Interactive, Mobile, Wearable and Ubiquitous Technologies},
	author = {Kamminga, Jacob W. and Le, Duc V. and Meijers, Jan Pieter and Bisby, Helena and Meratnia, Nirvana and Havinga, Paul J.M.},
	month = mar,
	year = {2018},
	keywords = {Animal Activity Recognition, Decision Tree, Embedded Systems, Machine Learning, Naive Bayes, Sensor Orientation},
	pages = {15:1--15:27},

}

@article{adikaram_non-parametric_2016,
  title = {Non-{{Parametric Local Maxima}} and {{Minima Finder}} with {{Filtering Techniques}} for {{Bioprocess}}},
  author = {Adikaram, K.K. Lasantha Britto and Hussein, Mohamed and Effenberger, Mathias and Becker, T.},
  date = {2016-01-01},
  journaltitle = {Journal of Signal and Information Processing},
  shortjournal = {Journal of Signal and Information Processing},
  volume = {07},
  pages = {192--213},
  doi = {10.4236/jsip.2016.74018}
}

@book{aggarwal_data_2014,
  title = {Data {{Clustering}} - {{Algorithms}} and {{Applications}}},
  author = {Aggarwal, Charu C. and Reddy, Chandan K..},
  date = {2014},
  publisher = {{CRC Press}},
  url = {http://www.crcnetbase.com/doi/book/10.1201/b12990},
  isbn = {978-1-4665-5822-9},
  langid = {english}
}

@article{altaf_new_2022,
  title = {A {{New Statistical Features Based Approach}} for {{Bearing Fault Diagnosis Using Vibration Signals}}},
  author = {Altaf, Muhammad and Akram, Tallha and Khan, Muhammad Attique and Iqbal, Muhammad and Ch, M. Munawwar Iqbal and Hsu, Ching-Hsien},
  date = {2022-01},
  journaltitle = {Sensors},
  volume = {22},
  number = {5},
  pages = {2012},
  publisher = {{Multidisciplinary Digital Publishing Institute}},
  issn = {1424-8220},
  doi = {10.3390/s22052012},
  url = {https://www.mdpi.com/1424-8220/22/5/2012},
  issue = {5},
  langid = {english}
}

@article{arts_fast_2022,
  title = {The Fast Continuous Wavelet Transformation ({{fCWT}}) for Real-Time, High-Quality, Noise-Resistant Time–Frequency Analysis},
  author = {Arts, Lukas P. A. and family=Broek, given=Egon L., prefix=van den, useprefix=true},
  date = {2022-01},
  journaltitle = {Nature Computational Science},
  shortjournal = {Nat Comput Sci},
  volume = {2},
  number = {1},
  pages = {47--58},
  publisher = {{Nature Publishing Group}},
  issn = {2662-8457},
  doi = {10.1038/s43588-021-00183-z},
  url = {https://www.nature.com/articles/s43588-021-00183-z},
  issue = {1},
  langid = {english}
}

@inproceedings{avoci_spectral_2020,
  title = {Spectral Negentropy and Kurtogram Performance Comparison for Bearing Fault Diagnosis},
  author = {Avoci, Moise},
  date = {2020-10-20},
  publisher = {{International Measurement Confederation (IMEKO)}},
  location = {{Dubrovnik, Croatia}},
  eventtitle = {17th {{IMEKO TC10 Conference}} "{{Global}} Trends in {{Testing}}, {{Diagnostics}} \& {{Inspection}} for 2030”},
  langid = {english}
}

@online{baru_three_2018,
  title = {Three {{Ways}} to {{Estimate Remaining Useful Life}} for {{Predictive Maintenance}}},
  author = {Baru, Aditya},
  date = {2018},
  url = {https://www.mathworks.com/company/newsletters/articles/three-ways-to-estimate-remaining-useful-life-for-predictive-maintenance.html},
  langid = {english}
}

@article{bechhoefer_review_2009,
  title = {A {{Review}} of {{Time Synchronous Average Algorithms}}},
  author = {Bechhoefer, Eric and Kingsley, Michael},
  date = {2009-01-01}
}

@inproceedings{bishop_multi-scale_2018,
  title = {Multi-{{Scale Peak}} and {{Trough Detection Optimised}} for {{Periodic}} and {{Quasi-Periodic Neuroscience Data}}},
  booktitle = {Intracranial {{Pressure}} \& {{Neuromonitoring XVI}}},
  author = {Bishop, Steven M. and Ercole, Ari},
  editor = {Heldt, Thomas},
  date = {2018},
  series = {Acta {{Neurochirurgica Supplement}}},
  pages = {189--195},
  publisher = {{Springer International Publishing}},
  location = {{Cham}},
  doi = {10.1007/978-3-319-65798-1_39},
  isbn = {978-3-319-65798-1},
  langid = {english}
}

@article{bousdekis_enterprise_2021,
  title = {Enterprise {{Integration}} and {{Interoperability}} for {{Big Data-Driven Processes}} in the {{Frame}} of {{Industry}} 4.0},
  author = {Bousdekis, Alexandros and Mentzas, Gregoris},
  date = {2021-06-03},
  journaltitle = {Frontiers in Big Data},
  shortjournal = {Frontiers in Big Data},
  volume = {4},
  doi = {10.3389/fdata.2021.644651}
}

@article{brito_fault_2021,
  title = {Fault {{Detection}} of {{Bearing}}: {{An Unsupervised Machine Learning Approach Exploiting Feature Extraction}} and {{Dimensionality Reduction}}},
  shorttitle = {Fault {{Detection}} of {{Bearing}}},
  author = {Brito, Lucas Costa and Susto, Gian Antonio and Brito, Jorge Nei and Duarte, Marcus Antonio Viana},
  date = {2021-12},
  journaltitle = {Informatics},
  volume = {8},
  number = {4},
  pages = {85},
  publisher = {{Multidisciplinary Digital Publishing Institute}},
  issn = {2227-9709},
  doi = {10.3390/informatics8040085},
  url = {https://www.mdpi.com/2227-9709/8/4/85},
  issue = {4},
  langid = {english}
}

@online{brownlee_information_2019,
  title = {Information {{Gain}} and {{Mutual Information}} for {{Machine Learning}}},
  author = {Brownlee, Jason},
  date = {2019-10-15T18:00:35+00:00},
  url = {https://machinelearningmastery.com/information-gain-and-mutual-information/},
  langid = {american},
  organization = {{MachineLearningMastery.com}}
}

@article{cakir_experimental_2021,
  title = {The Experimental Application of Popular Machine Learning Algorithms on Predictive Maintenance and the Design of {{IIoT}} Based Condition Monitoring System},
  author = {Cakir, Mustafa and Guvenc, Mehmet Ali and Mistikoglu, Selcuk},
  date = {2021-01-01},
  journaltitle = {Computers \& Industrial Engineering},
  shortjournal = {Computers \& Industrial Engineering},
  volume = {151},
  pages = {106948},
  issn = {0360-8352},
  doi = {10.1016/j.cie.2020.106948},
  url = {https://www.sciencedirect.com/science/article/pii/S0360835220306252},
  langid = {english}
}

@inproceedings{cao_density-based_2006,
  title = {Density-{{Based Clustering}} over an {{Evolving Data Stream}} with {{Noise}}},
  booktitle = {Proceedings of the 2006 {{SIAM International Conference}} on {{Data Mining}}},
  author = {Cao, Feng and Estert, Martin and Qian, Weining and Zhou, Aoying},
  date = {2006-04-20},
  pages = {328--339},
  publisher = {{Society for Industrial and Applied Mathematics}},
  doi = {10.1137/1.9781611972764.29},
  url = {https://epubs.siam.org/doi/10.1137/1.9781611972764.29},
  eventtitle = {Proceedings of the 2006 {{SIAM International Conference}} on {{Data Mining}}},
  isbn = {978-0-89871-611-5},
  langid = {english}
}

@article{cinar_machine_2020,
  title = {Machine {{Learning}} in {{Predictive Maintenance}} towards {{Sustainable Smart Manufacturing}} in {{Industry}} 4.0},
  author = {Çınar, Zeki Murat and Abdussalam Nuhu, Abubakar and Zeeshan, Qasim and Korhan, Orhan and Asmael, Mohammed and Safaei, Babak},
  date = {2020-01},
  journaltitle = {Sustainability},
  volume = {12},
  number = {19},
  pages = {8211},
  publisher = {{Multidisciplinary Digital Publishing Institute}},
  issn = {2071-1050},
  doi = {10.3390/su12198211},
  url = {https://www.mdpi.com/2071-1050/12/19/8211},
  issue = {19},
  langid = {english}
}

@book{davies_handbook_2012,
  title = {Handbook of {{Condition Monitoring}}: {{Techniques}} and {{Methodology}}},
  author = {Davies, A.},
  date = {2012},
  publisher = {{Springer Netherlands}},
  location = {{Dordrecht}},
  isbn = {978-94-011-4924-2},
  langid = {english},
  annotation = {OCLC: 958541223}
}

@book{diniz_adaptive_2020,
  title = {Adaptive {{Filtering}}: {{Algorithms}} and {{Practical Implementation}}},
  shorttitle = {Adaptive {{Filtering}}},
  author = {Diniz, Paulo S. R.},
  date = {2020},
  publisher = {{Springer International Publishing}},
  location = {{Cham}},
  doi = {10.1007/978-3-030-29057-3},
  url = {http://link.springer.com/10.1007/978-3-030-29057-3},
  isbn = {978-3-030-29056-6},
  langid = {english}
}

@online{dobilas_semi-supervised_2022,
  title = {Semi-{{Supervised Learning}} — {{How}} to {{Assign Labels}} with {{Label Propagation Algorithm}}},
  author = {Dobilas, Saul},
  date = {2022-02-05T08:12:24},
  url = {https://towardsdatascience.com/semi-supervised-learning-how-to-assign-labels-with-label-propagation-algorithm-9f1683f4d0eb},
  langid = {english},
  organization = {{Medium}}
}

@inproceedings{egaji_data_2020,
  title = {A {{Data Mining}} Based {{Approach}} for {{Electric Motor Anomaly Detection Applied}} on {{Vibration Data}}},
  booktitle = {2020 {{Fourth World Conference}} on {{Smart Trends}} in {{Systems}}, {{Security}} and {{Sustainability}} ({{WorldS4}})},
  author = {Egaji, Oche A and Ekwevugbe, Tobore and Griffiths, Mark},
  date = {2020-07},
  pages = {330--334},
  doi = {10.1109/WorldS450073.2020.9210318},
  eventtitle = {2020 {{Fourth World Conference}} on {{Smart Trends}} in {{Systems}}, {{Security}} and {{Sustainability}} ({{WorldS4}})}
}

@article{el-thalji_predictive_2019,
  title = {Predictive Maintenance ({{PdM}}) Analysis Matrix: {{A}} Tool to Determine Technical Specifications for {{PdM}} Ready-Equipment},
  shorttitle = {Predictive Maintenance ({{PdM}}) Analysis Matrix},
  author = {El-Thalji, Idriss},
  date = {2019-11-25},
  journaltitle = {IOP Conference Series: Materials Science and Engineering},
  shortjournal = {IOP Conference Series: Materials Science and Engineering},
  volume = {700},
  pages = {012033},
  doi = {10.1088/1757-899X/700/1/012033}
}

@article{gerber_identification_2013,
  title = {Identification of Harmonics and Sidebands in a Finite Set of Spectral Components},
  author = {Gerber, Timothée and Martin, Nadine and Mailhes, Corinne},
  date = {2013-06-18},
  volume = {1}
}

@incollection{gervasi_anomaly_2020,
  title = {Anomaly {{Detection}} for {{Data Streams Based}} on {{Isolation Forest Using Scikit-Multiflow}}},
  booktitle = {Computational {{Science}} and {{Its Applications}} – {{ICCSA}} 2020},
  author = {Togbe, Maurras Ulbricht and Barry, Mariam and Boly, Aliou and Chabchoub, Yousra and Chiky, Raja and Montiel, Jacob and Tran, Vinh-Thuy},
  editor = {Gervasi, Osvaldo and Murgante, Beniamino and Misra, Sanjay and Garau, Chiara and Blečić, Ivan and Taniar, David and Apduhan, Bernady O. and Rocha, Ana Maria A. C. and Tarantino, Eufemia and Torre, Carmelo Maria and Karaca, Yeliz},
  date = {2020},
  volume = {12252},
  pages = {15--30},
  publisher = {{Springer International Publishing}},
  location = {{Cham}},
  doi = {10.1007/978-3-030-58811-3_2},
  url = {https://link.springer.com/10.1007/978-3-030-58811-3_2},
  isbn = {978-3-030-58810-6},
  langid = {english}
}

@article{ghesmoune_state---art_2016,
  title = {State-of-the-Art on Clustering Data Streams},
  author = {Ghesmoune, Mohammed and Lebbah, Mustapha and Azzag, Hanene},
  date = {2016-12-01},
  journaltitle = {Big Data Analytics},
  shortjournal = {Big Data Analytics},
  volume = {1},
  number = {1},
  pages = {13},
  issn = {2058-6345},
  doi = {10.1186/s41044-016-0011-3},
  url = {https://doi.org/10.1186/s41044-016-0011-3}
}

@article{gilles_empirical_2013,
  title = {Empirical {{Wavelet Transform}}},
  author = {Gilles, Jerome},
  date = {2013-08-15},
  journaltitle = {IEEE Transactions on Signal Processing},
  shortjournal = {IEEE Transactions on Signal Processing},
  volume = {61},
  pages = {3999},
  doi = {10.1109/TSP.2013.2265222}
}

@article{goumas_classification_2002,
  title = {Classification of Washing Machines Vibration Signals Using Discrete Wavelet Analysis for Feature Extraction},
  author = {Goumas, Stefanos and Zervakis, Michalis and Stavrakakis, G.},
  date = {2002-07-01},
  journaltitle = {IEEE Transactions on Instrumentation and Measurement},
  shortjournal = {IEEE Transactions on Instrumentation and Measurement},
  volume = {51},
  pages = {497--508},
  doi = {10.1109/TIM.2002.1017721}
}

@article{herrera_applications_2014,
  title = {Applications of the Synchrosqueezing Transform in Seismic Time-Frequency Analysis},
  author = {Herrera, Roberto and Baan, Mirko and Han, Jiajun},
  date = {2014-05-01},
  journaltitle = {Geophysics},
  shortjournal = {Geophysics},
  volume = {79},
  pages = {V55-V64},
  doi = {10.1190/geo2013-0204.1}
}

@book{hu_intelligent_2012,
  title = {Intelligent {{Sensor Networks}}: {{The Integration}} of {{Sensor Networks}}, {{Signal Processing}} and {{Machine Learning}}},
  shorttitle = {Intelligent {{Sensor Networks}}},
  author = {Hu, Fei and Hao, Qi},
  date = {2012-12-15},
  edition = {1},
  publisher = {{CRC Press}},
  location = {{Boca Raton}},
  doi = {10.1201/b14300},
  url = {https://www.taylorfrancis.com/books/9780429066962},
  isbn = {978-0-429-06696-2},
  langid = {english}
}

@article{hubert_minimum_2018,
  title = {Minimum Covariance Determinant and Extensions},
  author = {Hubert, Mia and Debruyne, Michiel and Rousseeuw, Peter J.},
  date = {2018},
  journaltitle = {WIREs Computational Statistics},
  volume = {10},
  number = {3},
  pages = {e1421},
  issn = {1939-0068},
  doi = {10.1002/wics.1421},
  url = {https://onlinelibrary.wiley.com/doi/abs/10.1002/wics.1421},
  langid = {english}
}

@book{chapelle_semi-supervised_2006,
  title = {Semi-Supervised Learning},
  editor = {Chapelle, Olivier and Schölkopf, Bernhard and Zien, Alexander},
  date = {2006},
  series = {Adaptive Computation and Machine Learning},
  publisher = {{MIT Press}},
  location = {{Cambridge, Mass}},
  isbn = {978-0-262-03358-9},
  langid = {english},
  pagetotal = {508},
  annotation = {OCLC: ocm64898359}
}

@article{chen_study_2014,
  title = {Study on {{Online Detection}} and {{Fault Diagnosis}} of {{Band Saw Equipment}}},
  author = {Chen, Guojin and Zhu, Miaofen and Ni, Jing and Chen, Huipeng and Xu, Ming},
  date = {2014-08-31},
  journaltitle = {International Journal of Control and Automation},
  shortjournal = {IJCA},
  volume = {7},
  number = {8},
  issn = {20054297, 20054297},
  doi = {10.14257/ijca.2014.7.8.14},
  url = {http://article.nadiapub.com/IJCA/vol7_no8/14.pdf},
  langid = {english}
}

@online{i_answer_2011,
  title = {Answer to "{{How}} to Take in a Set of Numbers like \{301,102,99,202,198,103\} and Throw out \textasciitilde 100?"},
  shorttitle = {Answer to "{{How}} to Take in a Set of Numbers like \{301,102,99,202,198,103\} and Throw out \textasciitilde 100?},
  author = {{i}, P.},
  date = {2011-01-30},
  url = {https://stackoverflow.com/a/4841460},
  organization = {{Stack Overflow}}
}

@misc{jack_d_frequency_nodate,
  title = {Frequency {{Limitations Resulting}} from {{Mounted Resonance}} of an {{Accelerometer}}},
  author = {Jack D., Peters},
  publisher = {{Connection Technology Center, Inc.}}
}

@article{jamil_feature-based_2021,
  title = {Feature-Based Performance of {{SVM}} and {{KNN}} Classifiers for Diagnosis of Rolling Element Bearing Faults},
  author = {Jamil, Mohd Atif and Khan, Md Asif Ali and Khanam, Sidra},
  date = {2021},
  journaltitle = {Vibroengineering PROCEDIA},
  volume = {39},
  pages = {36--42},
  publisher = {{JVE International Ltd.}},
  issn = {2345-0533},
  doi = {10.21595/vp.2021.22307},
  url = {https://www.extrica.com/article/22307},
  langid = {english}
}

@article{janssens_one-class_2007,
  title = {One-Class Classification with {{LOF}} and {{LOCI}}: {{An}} Empirical Comparison},
  shorttitle = {One-Class Classification with {{LOF}} and {{LOCI}}},
  author = {Janssens, Jeroen and Postma, Eric},
  date = {2007-01-01}
}

@book{jennions_integrated_2011,
  title = {Integrated {{Vehicle Health Management}}: {{Perspectives}} on an {{Emerging Field}}},
  shorttitle = {Integrated {{Vehicle Health Management}}},
  author = {Jennions, Ian K.},
  date = {2011-09-27},
  eprint = {PIi7pwAACAAJ},
  eprinttype = {googlebooks},
  publisher = {{SAE International}},
  isbn = {978-0-7680-6432-2},
  langid = {english},
  pagetotal = {190}
}

@book{johnson_feature_2019,
  title = {Feature {{Engineering}} and {{Selection}}: {{A Practical Approach}} for {{Predictive Models}}},
  shorttitle = {Feature {{Engineering}} and {{Selection}}},
  author = {Johnson, Max Kuhn {and} Kjell},
  date = {2019},
  url = {http://www.feat.engineering/}
}

@inproceedings{jung_vibration_2017,
  title = {Vibration {{Analysis}} for {{IoT Enabled Predictive Maintenance}}},
  booktitle = {2017 {{IEEE}} 33rd {{International Conference}} on {{Data Engineering}} ({{ICDE}})},
  author = {Jung, Deokwoo and Zhang, Zhenjie and Winslett, Marianne},
  date = {2017-04},
  pages = {1271--1282},
  issn = {2375-026X},
  doi = {10.1109/ICDE.2017.170},
  eventtitle = {2017 {{IEEE}} 33rd {{International Conference}} on {{Data Engineering}} ({{ICDE}})}
}

@online{kammeyer_answer_2008,
  title = {Answer to "{{Peak}} Detection of Measured Signal"},
  author = {Kammeyer, Thomas},
  date = {2008-09-04},
  url = {https://stackoverflow.com/a/44357},
  organization = {{Stack Overflow}}
}

@book{kehtarnavaz_digital_2008,
  title = {Digital {{Signal Processing System Design}}},
  author = {Kehtarnavaz, Nasser},
  editor = {Kehtarnavaz, Nasser},
  date = {2008},
  edition = {Second Edition},
  publisher = {{Academic Press}},
  location = {{Burlington}},
  url = {https://www.sciencedirect.com/science/article/pii/B9780123744906000064},
  isbn = {978-0-12-374490-6},
  pagetotal = {157-173}
}

@thesis{lengoc_vibration_1990,
  type = {Dissertation thesis},
  title = {Vibration of Bandsaws},
  author = {Lengoc, Lan},
  date = {1990},
  langid = {english}
}

@article{li_fault_2019,
  title = {Fault {{Feature Extraction}} and {{Enhancement}} of {{Rolling Element Bearings Based}} on {{Maximum Correlated Kurtosis Deconvolution}} and {{Improved Empirical Wavelet Transform}}},
  author = {Li, Zheng and Ming, Anbo and Zhang, Wei and Liu, Tao and Chu, Fulei and Li, Yin},
  date = {2019-05-07},
  journaltitle = {Applied Sciences},
  shortjournal = {Applied Sciences},
  volume = {9},
  pages = {1876},
  doi = {10.3390/app9091876}
}

@book{lyons_understanding_2011,
  title = {Understanding Digital Signal Processing},
  author = {Lyons, Richard G.},
  date = {2011},
  edition = {3rd ed},
  publisher = {{Prentice Hall}},
  location = {{Upper Saddle River, NJ}},
  isbn = {978-0-13-702741-5},
  pagetotal = {954},
  annotation = {OCLC: ocn663772861}
}

@book{madisetti_digital_2010,
  title = {Digital Signal Processing Fundamentals},
  editor = {Madisetti, V.},
  date = {2010},
  series = {The Electrical Engineering Handbook Series},
  edition = {2nd ed},
  publisher = {{CRC Press}},
  location = {{Boca Raton, FL}},
  isbn = {978-1-4200-4606-9},
  pagetotal = {1}
}

@article{maurya_condition-based_2021,
  title = {Condition-{{Based Monitoring}} in {{Variable Machine Running Conditions Using Low-Level Knowledge Transfer With DNN}}},
  author = {Maurya, Seetaram and Singh, Vikas and Verma, Nishchal K. and Mechefske, Chris K.},
  date = {2021-10},
  journaltitle = {IEEE Transactions on Automation Science and Engineering},
  volume = {18},
  number = {4},
  pages = {1983--1997},
  issn = {1558-3783},
  doi = {10.1109/TASE.2020.3028151},
  eventtitle = {{{IEEE Transactions}} on {{Automation Science}} and {{Engineering}}}
}

@online{mey_machine_2020,
  title = {Machine {{Learning-Based Unbalance Detection}} of a {{Rotating Shaft Using Vibration Data}}},
  author = {Mey, Oliver and Neudeck, Willi and Schneider, André and Enge-Rosenblatt, Olaf},
  date = {2020-07-31},
  eprint = {2005.12742},
  eprinttype = {arxiv},
  eprintclass = {cs, eess},
  doi = {10.48550/arXiv.2005.12742},
  url = {http://arxiv.org/abs/2005.12742},
  pubstate = {preprint}
}

@thesis{mohammadi_early_2020,
  type = {Master's thesis},
  title = {Early {{Detection}} of {{Imbalance}} in {{Load}} and {{Machine In Front Load Washing Machines}} by {{Monitoring Drum Movement}}},
  author = {Mohammadi, Hamed},
  date = {2020-12},
  langid = {english},
  pagetotal = {59}
}

@book{mohanty_machinery_2015,
  title = {Machinery {{Condition Monitoring}}: {{Principles}} and {{Practices}}},
  author = {Mohanty, Amiya Ranjan},
  date = {2015},
  publisher = {{CRC Press}},
  isbn = {978-1-4665-9305-3},
  langid = {english},
  pagetotal = {256}
}

@inproceedings{mostafavi_novel_2021,
  title = {A {{Novel Online Machine Learning Approach}} for {{Real-Time Condition Monitoring}} of {{Rotating Machines}}},
  booktitle = {2021 9th {{RSI International Conference}} on {{Robotics}} and {{Mechatronics}} ({{ICRoM}})},
  author = {Mostafavi, Alireza and Sadighi, Ali},
  date = {2021-11},
  pages = {267--273},
  issn = {2572-6889},
  doi = {10.1109/ICRoM54204.2021.9663495},
  eventtitle = {2021 9th {{RSI International Conference}} on {{Robotics}} and {{Mechatronics}} ({{ICRoM}})}
}

@book{nandi_condition_2019,
  title = {Condition Monitoring with Vibration Signals: Compressive Sampling and Learning Algorithms for Rotating Machines},
  shorttitle = {Condition Monitoring with Vibration Signals},
  author = {Nandi, Asoke Kumar and Ahmed, Hosameldin},
  date = {2019},
  publisher = {{Wiley-IEEE Press}},
  location = {{Hoboken, NJ, USA}},
  isbn = {978-1-119-54462-3},
  langid = {english}
}

@article{ni_improved_2022,
  title = {Improved Empirical Wavelet Transform ({{EWT}}) and Its Application in Non-Stationary Vibration Signal of Transformer},
  author = {Ni, Ruizheng and Qiu, Ruichang and Jin, Zheming and Chen, Jie and Liu, Zhigang},
  date = {2022-10-20},
  journaltitle = {Scientific Reports},
  shortjournal = {Sci Rep},
  volume = {12},
  number = {1},
  pages = {17533},
  publisher = {{Nature Publishing Group}},
  issn = {2045-2322},
  doi = {10.1038/s41598-022-22519-z},
  url = {https://www.nature.com/articles/s41598-022-22519-z},
  issue = {1},
  langid = {english}
}

@online{noauthor_case_2021,
  title = {Case {{Western Reserve University Bearing Dataset}}},
  date = {2021-08-05T13:03:08-04:00},
  url = {https://engineering.case.edu/bearingdatacenter},
  langid = {english},
  organization = {{Case School of Engineering}}
}

@online{noauthor_common_2022,
  title = {Common Bandsaw Problems and How to Fix Them!},
  date = {2022-02-03T13:42:56+00:00},
  url = {https://www.adsprecision.com/latest-news/common-bandsaw-problems-and-how-to-fix-them/},
  langid = {british},
  organization = {{ADS Precision Ltd, UK - Industrial Saw Specialists}}
}

@misc{noauthor_iso_2002,
  title = {{{ISO}} 13373-1:2002 - {{Condition}} Monitoring and Diagnostics of Machines - {{Vibration}} Condition Monitoring - {{Part}} 1: {{General}} Procedures},
  date = {2002},
  publisher = {{International Organization for Standardization}},
  url = {https://www.iso.org/standard/21831.html},
  langid = {english}
}

@misc{noauthor_iso_2016_2,
  title = {{{ISO}} 13373-2:2016 - {{Condition}} Monitoring and Diagnostics of Machines - {{Vibration}} Condition Monitoring - {{Part}} 2: Processing, analysis and presentation of vibration data},
  date = {2016},
  publisher = {{International Organization for Standardization}},
  url = {https://www.iso.org/standard/68128.html},
  langid = {english}
}

@misc{noauthor_iso_2016,
  title = {{{ISO}} 20816-1:2016 - {{Mechanical}} Vibration - {{Measurement}} and Evaluation of Machine Vibration - {{Part}} 1: {{General}} Guidelines},
  shorttitle = {{{ISO}} 20816-1},
  date = {2016},
  publisher = {{International Organization for Standardization}},
  url = {https://www.iso.org/standard/63180.html},
  langid = {english}
}

@online{noauthor_mafaulda_nodate,
  title = {{{MAFAULDA}}: {{Machinery Fault Database}}},
  url = {https://www02.smt.ufrj.br/~offshore/mfs/page_01.html}
}

@online{noauthor_simulating_nodate,
  title = {Simulating {{Vibration}} and {{Noise}} in a {{Washing Machine}}},
  url = {https://www.comsol.com/blogs/simulating-vibration-and-noise-in-a-washing-machine/},
  langid = {english},
  organization = {{COMSOL}}
}

@online{noauthor_spectraquest_nodate,
  title = {{{SpectraQuest Inc}}.,: {{Machinery Fault Simulator}} - {{Lite}}},
  url = {https://spectraquest.com/machinery-fault-simulator/details/mfs-lt/}
}

@misc{noauthor_vibration_2000,
  title = {Vibration {{Guide}}},
  date = {2000},
  publisher = {{SKF Reliability Systems}},
  langid = {english}
}

@inproceedings{nunes_evaluation_2007,
  title = {Evaluation of {{Threshold-Based Algorithms}} for {{Detection}} of {{Spectral Peaks}} in {{Audio}}},
  author = {Nunes, Leonardo and Esquef, Paulo Antonio and Biscainho, Luiz},
  date = {2007-05-01}
}

@article{okoh_overview_2014,
  title = {Overview of {{Remaining Useful Life Prediction Techniques}} in {{Through-life Engineering Services}}},
  author = {Okoh, C. and Roy, R. and Mehnen, J. and Redding, L.},
  date = {2014-01-01},
  journaltitle = {Procedia CIRP},
  shortjournal = {Procedia CIRP},
  series = {Product {{Services Systems}} and {{Value Creation}}. {{Proceedings}} of the 6th {{CIRP Conference}} on {{Industrial Product-Service Systems}}},
  volume = {16},
  pages = {158--163},
  issn = {2212-8271},
  doi = {10.1016/j.procir.2014.02.006},
  url = {https://www.sciencedirect.com/science/article/pii/S2212827114001140},
  langid = {english}
}

@online{overlordgolddragon_answer_2020,
  title = {Answer to "{{Synchrosqueezing Wavelet Transform}} Explanation?"},
  shorttitle = {Answer to "{{Synchrosqueezing Wavelet Transform}} Explanation?},
  author = {OverLordGoldDragon},
  date = {2020-11-11},
  url = {https://dsp.stackexchange.com/a/71399},
  organization = {{Signal Processing Stack Exchange}}
}

@article{peeters_large_2004,
  title = {A Large Set of Audio Features for Sound Description},
  author = {Peeters, Geoffroy},
  date = {2004}
}

@inproceedings{pestana-viana_influence_2016,
  title = {The Influence of Feature Vector on the Classification of Mechanical Faults Using Neural Networks},
  booktitle = {2016 {{IEEE}} 7th {{Latin American Symposium}} on {{Circuits}} \& {{Systems}} ({{LASCAS}})},
  author = {Pestana-Viana, Denys and Zambrano-Lopez, Rafael and family=Lima, given=Amaro A., prefix=de, useprefix=true and De M. Prego, Thiago and Netto, Sergio L. and family=Silva, given=Eduardo A.B., prefix=da, useprefix=true},
  date = {2016-02},
  pages = {115--118},
  publisher = {{IEEE}},
  location = {{Florianopolis}},
  doi = {10.1109/LASCAS.2016.7451023},
  url = {https://ieeexplore.ieee.org/document/7451023/},
  eventtitle = {2016 {{IEEE}} 7th {{Latin American Symposium}} on {{Circuits}} \& {{Systems}} ({{LASCAS}})},
  isbn = {978-1-4673-7835-2},
  langid = {english}
}

@inproceedings{ribeiro_rotating_2017,
  title = {Rotating Machinery Fault Diagnosis Using Similarity-Based Models},
  booktitle = {Anais de {{XXXV Simpósio Brasileiro}} de {{Telecomunicações}} e {{Processamento}} de {{Sinais}}},
  author = {Ribeiro, Felipe and Marins, Matheus and Netto, Sergio and Silva, Eduardo},
  date = {2017},
  publisher = {{Sociedade Brasileira de Telecomunicações}},
  doi = {10.14209/sbrt.2017.133},
  url = {http://biblioteca.sbrt.org.br/articles/601},
  eventtitle = {{{XXXV Simpósio Brasileiro}} de {{Telecomunicações}} e {{Processamento}} de {{Sinais}}},
  langid = {english}
}

@inproceedings{sheng_review_2020,
  title = {Review of {{Artificial Intelligence-based Bearing Vibration Monitoring}}},
  booktitle = {2020 11th {{International Conference}} on {{Prognostics}} and {{System Health Management}} ({{PHM-2020 Jinan}})},
  author = {Sheng, Hao and Chen, Zhongsheng and Xia, Yemei and He, Jing},
  date = {2020-10},
  pages = {58--67},
  issn = {2166-5656},
  doi = {10.1109/PHM-Jinan48558.2020.00018},
  eventtitle = {2020 11th {{International Conference}} on {{Prognostics}} and {{System Health Management}} ({{PHM-2020 Jinan}})}
}

@article{shi_application_2022,
  title = {Application of {{Teager}}–{{Kaiser Energy Operator}} in the {{Early Fault Diagnosis}} of {{Rolling Bearings}}},
  author = {Shi, Xiangfu and Zhang, Zhen and Xia, Zhiling and Li, Binhua and Gu, Xin and Shi, Tingna},
  date = {2022-09-03},
  journaltitle = {Sensors},
  shortjournal = {Sensors},
  volume = {22},
  number = {17},
  pages = {6673},
  issn = {1424-8220},
  doi = {10.3390/s22176673},
  url = {https://www.mdpi.com/1424-8220/22/17/6673},
  langid = {english}
}

@article{shukla_modified_2017,
  title = {A {{Modified Approach}} of {{OPTICS Algorithm}} for {{Data Streams}}},
  author = {Shukla, M. and Kosta, Y. P. and Jayswal, M.},
  date = {2017-04-24},
  journaltitle = {Engineering, Technology \& Applied Science Research},
  volume = {7},
  number = {2},
  pages = {1478--1481},
  issn = {1792-8036},
  doi = {10.48084/etasr.963},
  url = {https://www.etasr.com/index.php/ETASR/article/view/963},
  langid = {english}
}

@book{scheffer_practical_2004,
  title = {Practical {{Machinery Vibration Analysis}} and {{Predictive Maintenance}}},
  author = {Scheffer, C. and Girdhar, P.},
  date = {2004},
  publisher = {{IDC Technologies, Elsevier}},
  isbn = {0-7506-6275-1},
  pagetotal = {252}
}

@article{song_bearing_2022,
  title = {Bearing {{Fault Diagnosis Method Based}} on {{Multidomain Heterogeneous Information Entropy Fusion}} and {{Model Self-Optimisation}}},
  author = {Song, Renwang and Bai, Xiaolu and Zhang, Rui and Jia, You and Pan, Lihu and Dong, Zengshou},
  date = {2022-02-05},
  journaltitle = {Shock and Vibration},
  volume = {2022},
  pages = {e7214822},
  publisher = {{Hindawi}},
  issn = {1070-9622},
  doi = {10.1155/2022/7214822},
  url = {https://www.hindawi.com/journals/sv/2022/7214822/},
  langid = {english}
}

@article{song_mfbd_2021,
  title = {The {{MFBD}}: A Novel Weak Features Extraction Method for Rotating Machinery},
  shorttitle = {The {{MFBD}}},
  author = {Song, Yongxing and Liu, Jingting and Wu, Dazhuan and Zhang, Linhua},
  date = {2021-11-18},
  journaltitle = {Journal of the Brazilian Society of Mechanical Sciences and Engineering},
  shortjournal = {J Braz. Soc. Mech. Sci. Eng.},
  volume = {43},
  number = {12},
  pages = {547},
  issn = {1806-3691},
  doi = {10.1007/s40430-021-03259-z},
  url = {https://doi.org/10.1007/s40430-021-03259-z},
  langid = {english}
}

@article{tan_fast_2011,
  title = {Fast {{Anomaly Detection}} for {{Streaming Data}}},
  author = {Tan, Swee Chuan and Ting, Kai Ming and Liu, Tony Fei},
  date = {2011},
  langid = {english}
}

@article{tittelbach-helmrich_digital_2021,
  title = {Digital {{DC}} Blocker Filters},
  author = {Tittelbach-Helmrich, Klaus},
  date = {2021-10-01},
  journaltitle = {Frequenz},
  volume = {75},
  number = {9-10},
  pages = {331--339},
  publisher = {{De Gruyter}},
  issn = {2191-6349},
  doi = {10.1515/freq-2020-0177},
  url = {https://www.degruyter.com/document/doi/10.1515/freq-2020-0177/html},
  langid = {english}
}

@article{tiwari_novel_2021,
  title = {Novel Self-Adaptive Vibration Signal Analysis: {{Concealed}} Component Decomposition and Its Application in Bearing Fault Diagnosis},
  shorttitle = {Novel Self-Adaptive Vibration Signal Analysis},
  author = {Tiwari, Prashant and Upadhyay, S. H.},
  date = {2021-06-23},
  journaltitle = {Journal of Sound and Vibration},
  shortjournal = {Journal of Sound and Vibration},
  volume = {502},
  pages = {116079},
  issn = {0022-460X},
  doi = {10.1016/j.jsv.2021.116079},
  url = {https://www.sciencedirect.com/science/article/pii/S0022460X21001516},
  langid = {english}
}

@inproceedings{torres_automatic_2022,
  title = {Automatic {{Anomaly Detection}} in {{Vibration Analysis Based}} on {{Machine Learning Algorithms}}},
  booktitle = {Innovations in {{Mechatronics Engineering II}}},
  author = {Torres, Pedro and Ramalho, Armando and Correia, Luis},
  editor = {Machado, José and Soares, Filomena and Trojanowska, Justyna and Yildirim, Sahin and Vojtěšek, Jiří and Rea, Pierluigi and Gramescu, Bogdan and Hrybiuk, Olena O.},
  date = {2022},
  series = {Lecture {{Notes}} in {{Mechanical Engineering}}},
  pages = {13--23},
  publisher = {{Springer International Publishing}},
  location = {{Cham}},
  doi = {10.1007/978-3-031-09385-2_2},
  isbn = {978-3-031-09385-2},
  langid = {english}
}

@inproceedings{wagner_semi-supervised_2018,
  title = {Semi-{{Supervised Learning}} on {{Data Streams}} via {{Temporal Label Propagation}}},
  booktitle = {Proceedings of the 35th {{International Conference}} on {{Machine Learning}}},
  author = {Wagner, Tal and Guha, Sudipto and Kasiviswanathan, Shiva Prasad and Mishra, Nina},
  date = {2018},
  langid = {english}
}

@article{wang_computational_2014,
  title = {On the Computational Complexity of the Empirical Mode Decomposition Algorithm},
  author = {Wang, Yung-Hung and Yeh, Chien-Hung and Young, Hsu-Wen Vincent and Hu, Kun and Lo, Men-Tzung},
  date = {2014-04-15},
  journaltitle = {Physica A: Statistical Mechanics and its Applications},
  shortjournal = {Physica A: Statistical Mechanics and its Applications},
  volume = {400},
  pages = {159--167},
  issn = {0378-4371},
  doi = {10.1016/j.physa.2014.01.020},
  url = {https://www.sciencedirect.com/science/article/pii/S0378437114000247},
  langid = {english}
}

@thesis{wickmann_wavelet_2007,
  type = {Master's thesis},
  title = {A Wavelet Approach to Dimension Reduction and Classification of Hyperspectral Data},
  author = {Wickmann, Jon},
  date = {2007},
  institution = {{Faculty of Mathematics and Natural Sciences, University of Oslo}},
  location = {{Oslo}},
  langid = {english},
  pagetotal = {156}
}

@thesis{hajek_iot_2022,
  type = {Bachelor's thesis},
  title = {Spracovanie dát generovaných senzorovou IoT sieťou},
  author = {Hájek, Miroslav and Baláž, Marcel},
  date = {2022},
  institution = {{Faculty of Informatics and Information Technologies, Slovak University of Technology}},
  location = {{Bratislava}},
  langid = {slovak},
  pagetotal = {64}
}

@article{xu_adaptive_2019,
  title = {An {{Adaptive Spectrum Segmentation Method}} to {{Optimize Empirical Wavelet Transform}} for {{Rolling Bearings Fault Diagnosis}}},
  author = {Xu, Yonggang and Zhang, Kun and Ma, Chaoyong and Sheng, Zhipeng and Shen, Hongchen},
  date = {2019},
  journaltitle = {IEEE Access},
  volume = {7},
  pages = {30437--30456},
  issn = {2169-3536},
  doi = {10.1109/ACCESS.2019.2902645},
  eventtitle = {{{IEEE Access}}}
}

@article{yen_wavelet_2000,
  title = {Wavelet {{Packet Feature Extraction}} for {{Vibration Monitoring}}},
  author = {Yen, Gary and Lin, K.C.},
  date = {2000-07-01},
  journaltitle = {IEEE Transactions on Industrial Electronics},
  shortjournal = {IEEE Transactions on Industrial Electronics},
  volume = {47},
  pages = {650--667},
  doi = {10.1109/41.847906}
}

@article{yonggang_time_2020,
  title = {Time and Frequency Domain Scanning Fault Diagnosis Method Based on Spectral Negentropy and Its Application},
  author = {Yonggang, xu and Li, Shuang and Tian, Weikang and Yu, Jun and Zhang, Kun},
  date = {2020-05-01},
  journaltitle = {The International Journal of Advanced Manufacturing Technology},
  shortjournal = {The International Journal of Advanced Manufacturing Technology},
  volume = {108},
  doi = {10.1007/s00170-020-05302-0}
}

@article{yu_analysis_2021,
  title = {Analysis of Different {{RNN}} Autoencoder Variants for Time Series Classification and Machine Prognostics},
  author = {Yu, Wennian and Kim, Il Yong and Mechefske, Chris},
  date = {2021-02-15},
  journaltitle = {Mechanical Systems and Signal Processing},
  shortjournal = {Mechanical Systems and Signal Processing},
  volume = {149},
  pages = {107322},
  issn = {0888-3270},
  doi = {10.1016/j.ymssp.2020.107322},
  url = {https://www.sciencedirect.com/science/article/pii/S0888327020307081},
  langid = {english}
}

@article{yu_concentrated_2020,
  title = {A {{Concentrated Time}}–{{Frequency Analysis Tool}} for {{Bearing Fault Diagnosis}}},
  author = {Yu, Gang},
  date = {2020-02},
  journaltitle = {IEEE Transactions on Instrumentation and Measurement},
  volume = {69},
  number = {2},
  pages = {371--381},
  issn = {1557-9662},
  doi = {10.1109/TIM.2019.2901514},
  eventtitle = {{{IEEE Transactions}} on {{Instrumentation}} and {{Measurement}}}
}

@article{yu_designing_2020,
  title = {Designing a {{Streaming Algorithm}} for {{Outlier Detection}} in {{Data Mining}} - {{An Incremental Approach}}},
  author = {Yu, Kangqing and Shi, Wei and Santoro, Nicola},
  date = {2020-01},
  journaltitle = {Sensors},
  volume = {20},
  number = {5},
  pages = {1261},
  publisher = {{Multidisciplinary Digital Publishing Institute}},
  issn = {1424-8220},
  doi = {10.3390/s20051261},
  url = {https://www.mdpi.com/1424-8220/20/5/1261},
  issue = {5},
  langid = {english}
}

@article{yuhong_new_2021,
  title = {A New Rotating Machinery Fault Diagnosis Method Based on the {{Time Series Transformer}}},
  author = {Yuhong, Jin and Hou, Lei and Chen, Yushu},
  date = {2021-08-27}
}

@inproceedings{zhao_cluster-reduce_2021,
  title = {Cluster-{{Reduce}}: {{Compressing Sketches}} for {{Distributed Data Streams}}},
  shorttitle = {Cluster-{{Reduce}}},
  booktitle = {Proceedings of the 27th {{ACM SIGKDD Conference}} on {{Knowledge Discovery}} \& {{Data Mining}}},
  author = {Zhao, Yikai and Zhong, Zheng and Li, Yuanpeng and Zhou, Yi and Zhu, Yifan and Chen, Li and Wang, Yi and Yang, Tong},
  date = {2021-08-14},
  pages = {2316--2326},
  publisher = {{ACM}},
  location = {{Virtual Event Singapore}},
  doi = {10.1145/3447548.3467217},
  url = {https://dl.acm.org/doi/10.1145/3447548.3467217},
  eventtitle = {{{KDD}} '21: {{The}} 27th {{ACM SIGKDD Conference}} on {{Knowledge Discovery}} and {{Data Mining}}},
  isbn = {978-1-4503-8332-5},
  langid = {english}
}

@book{zheng_feature_2018,
  title = {Feature {{Engineering}} for {{Machine Learning}}},
  author = {Zheng, Alice and Casari, Amanda},
  date = {2018},
  publisher = {{O’Reilly Media}},
  isbn = {978-1-4919-5324-2},
  langid = {english}
}

@article{zhuang_improved_2020,
  title = {An {{Improved Empirical Wavelet Transform}} for {{Noisy}} and {{Non-Stationary Signal Processing}}},
  author = {Zhuang, Cuifang and Liao, Ping},
  date = {2020-01-23},
  journaltitle = {IEEE Access},
  shortjournal = {IEEE Access},
  volume = {PP},
  pages = {1--1},
  doi = {10.1109/ACCESS.2020.2968851}
}

@article{zhuo_research_2022,
  title = {Research on Online Intelligent Monitoring System of Band Saw Blade Wear Status Based on Multi-Feature Fusion of Acoustic Emission Signals},
  author = {Zhuo, Rongjin and Deng, Zhaohui and Chen, Bing and Liu, Tao and Ge, Jimin and Liu, Guoyue and Bi, Shenghao},
  date = {2022-08-01},
  journaltitle = {The International Journal of Advanced Manufacturing Technology},
  shortjournal = {Int J Adv Manuf Technol},
  volume = {121},
  number = {7},
  pages = {4533--4548},
  issn = {1433-3015},
  doi = {10.1007/s00170-022-09515-3},
  url = {https://doi.org/10.1007/s00170-022-09515-3},
  langid = {english}
}

@book{ziaran_technicka_2013,
  title = {Technická diagnostika},
  author = {Žiaran, Stanislav},
  date = {2013},
  edition = {1.},
  publisher = {{Vydavateľstvo STU}},
  location = {{Bratislava}},
  isbn = {978-80-227-4051-7},
  langid = {slovak},
  pagetotal = {332}
}

@article{chen_skyline_2009,
    author = {Chen, Lei and Lian, Xiang},
    year = {2009},
    month = {03},
    pages = {351-365},
    title = {Efficient Processing of Metric Skyline Queries},
    volume = {21},
    journal = {IEEE Transactions on Knowledge and Data Engineering},
    doi = {10.1109/TKDE.2008.146}
}

@inbook{amini_density_2012,
    author = {Amini, Amineh and Wah, Teh Ying},
    editor = {Ao, Sio Iong and Castillo, Oscar and Huang, Xu},
    title = {A Comparative Study of Density-based Clustering Algorithms on Data Streams: Micro-clustering Approaches},
    bookTitle = {Intelligent Control and Innovative Computing},
    year = {2012},
    publisher = {Springer New York},
    address = {New York, NY},
    pages = {275--287},
    isbn = {978-1-4614-1695-1},
    doi = {10.1007/978-1-4614-1695-1_21},
    url = {https://doi.org/10.1007/978-1-4614-1695-1_21}
}

@book{aggarwal_outlier_2016,
    edition = {2},
    title = {Outlier {Analysis}},
    isbn = {978-3-319-47578-3},
    publisher = {Springer Publishing Company, Inc.},
    author = {Aggarwal, Charu C.},
    year = {2016}
}


@article{tabebordbar_feature-based_2020,
	title = {Feature-{Based} and {Adaptive} {Rule} {Adaptation} in {Dynamic} {Environments}},
	volume = {5},
	issn = {2364-1185, 2364-1541},
	url = {https://link.springer.com/10.1007/s41019-020-00130-4},
	doi = {10.1007/s41019-020-00130-4},
	language = {en},
	number = {3},
	urldate = {2023-11-16},
	journal = {Data Science and Engineering},
	author = {Tabebordbar, Alireza and Beheshti, Amin and Benatallah, Boualem and Barukh, Moshe Chai},
	month = sep,
	year = {2020},
	pages = {207--223}
}

@inproceedings{avdiyenko_adaptive_2012,
	address = {Barcelona, Spain},
	title = {Adaptive {Sequential} {Feature} {Selection} for {Pattern} {Classification}:},
	isbn = {978-989-8565-33-4},
	shorttitle = {Adaptive {Sequential} {Feature} {Selection} for {Pattern} {Classification}},
	url = {http://www.scitepress.org/DigitalLibrary/Link.aspx?doi=10.5220/0004146804740482},
	doi = {10.5220/0004146804740482},
	language = {en},
	urldate = {2023-11-16},
	booktitle = {Proceedings of the 4th {International} {Joint} {Conference} on {Computational} {Intelligence}},
	publisher = {SciTePress - Science and and Technology Publications},
	author = {Avdiyenko, Liliya and Bertschinger, Nils and Jost, Juergen},
	year = {2012},
	pages = {474--482},
}


